@book{rosen2012,
  author = {Kenneth H. Rosen},
  title = {Discrete Mathematics and Its Applications},
  year = {2012},
  edition = {7th},
  publisher = {McGraw-Hill Education},
  address = {New York},
  isbn = {978-0073383095}
}

@book{montgomery2013applied,
  title={Applied Statistics and Probability for Engineers, 6th Edition},
  author={Montgomery, D.C.},
  isbn={9781118802267},
  lccn={2013041947},
  year={2013},
  publisher={John Wiley and Sons, Incorporated}
}

@book{pishro2014introduction,
  title={Introduction to Probability, Statistics, and Random Processes},
  author={Pishro-Nik, H.},
  isbn={9780990637202},
  lccn={2015295671},
  year={2014},
  publisher={Kappa Research, LLC}
}

@book{lay2003linear,
  title={Linear Algebra and Its Applications},
  author={Lay, D.C.},
  isbn={9788177583335},
  year={2003},
  publisher={Pearson Education}
}

@book{clrs4,
  title={Introduction to Algorithms},
  author={Cormen, T.H. and Leiserson, C.E. and Rivest, R.L. and Stein, C.},
  edition={4th},
  isbn={9780262046305},
  year={2022},
  publisher={MIT Press}
}

@book{ross2020,
  title={Introduction to Probability and Statistics for Engineers and Scientists},
  author={Ross, Sheldon M.},
  edition={6th},
  isbn={978-0128243466},
  year={2020},
  publisher={Academic Press}
}



